%% This BibTeX bibliography file was created using BibDesk.
%% http://bibdesk.sourceforge.net/

%% Created for 曹安洁 at 2025-01-19 13:56:19 -0800 


%% Saved with string encoding Unicode (UTF-8) 



@article{kosie2024manybabies,
	Author = {Kosie, Jessica Elizabeth and Zettersten, Martin and Abu-Zhaya, Rana and Amso, Dima and Babineau, Mireille and Baumgartner, Heidi and Bazhydai, Marina and Belia, Margherita and Benavides-Varela, Silvia and Bergmann, Christina and others},
	Date-Added = {2025-01-19 13:56:15 -0800},
	Date-Modified = {2025-01-19 13:56:15 -0800},
	Title = {ManyBabies 5: A large-scale investigation of the proposed shift from familiarity preference to novelty preference in infant looking time Pre-data collection manuscript for peer-review The ManyBabies 5 Team},
	Year = {2024}}

@article{oakes2010using,
	Author = {Oakes, Lisa M},
	Date-Added = {2025-01-19 11:23:24 -0800},
	Date-Modified = {2025-01-19 11:23:24 -0800},
	Journal = {Journal of Cognition and Development},
	Number = {3},
	Pages = {255--268},
	Publisher = {Taylor \& Francis},
	Title = {Using habituation of looking time to assess mental processes in infancy},
	Volume = {11},
	Year = {2010}}

@article{aslin2007s,
	Author = {Aslin, Richard N},
	Date-Added = {2025-01-19 11:23:05 -0800},
	Date-Modified = {2025-01-19 11:23:05 -0800},
	Journal = {Developmental science},
	Number = {1},
	Pages = {48--53},
	Publisher = {Wiley Online Library},
	Title = {What's in a look?},
	Volume = {10},
	Year = {2007}}

@article{karni2025rational,
	Author = {Karni, Gili and Mattar, Marcelo and Emberson, Lauren and Daw, Nathaniel Douglass},
	Date-Added = {2025-01-17 23:22:46 -0800},
	Date-Modified = {2025-01-17 23:22:46 -0800},
	Journal = {bioRxiv},
	Pages = {2025--01},
	Publisher = {Cold Spring Harbor Laboratory},
	Title = {A Rational Information Gathering Account of Infant Habituation},
	Year = {2025}}

@article{Raz_2025,
	Author = {Raz, Gal and Cao, Anjie and Saxe, Rebecca and Frank, Michael C},
	Date-Added = {2025-01-17 23:22:12 -0800},
	Date-Modified = {2025-01-17 23:22:12 -0800},
	Doi = {10.7554/elife.102713.1},
	Month = jan,
	Publisher = {eLife Sciences Publications, Ltd},
	Title = {A stimulus-computable rational model of habituation in infants and adults},
	Url = {http://dx.doi.org/10.7554/eLife.102713.1},
	Year = {2025},
	Bdsk-Url-1 = {http://dx.doi.org/10.7554/eLife.102713.1},
	Bdsk-Url-2 = {http://dx.doi.org/10.7554/elife.102713.1}}

@article{cao2023habituation,
	Author = {Cao, Anjie and Raz, Gal and Saxe, Rebecca and Frank, Michael C},
	Date-Added = {2025-01-17 23:20:47 -0800},
	Date-Modified = {2025-01-17 23:20:47 -0800},
	Journal = {Topics in Cognitive Science},
	Number = {2},
	Pages = {290--302},
	Publisher = {Wiley Online Library},
	Title = {Habituation reflects optimal exploration over noisy perceptual samples},
	Volume = {15},
	Year = {2023}}

@article{vsimkovic2021additive,
	Author = {{\v{S}}imkovic, Matu{\v{s}} and Tr{\"a}uble, Birgit},
	Date-Added = {2025-01-17 23:20:09 -0800},
	Date-Modified = {2025-01-17 23:20:09 -0800},
	Journal = {PeerJ},
	Pages = {e11771},
	Publisher = {PeerJ Inc.},
	Title = {Additive and multiplicative probabilistic models of infant looking times},
	Volume = {9},
	Year = {2021}}

@article{gilmore2002examining,
	Author = {Gilmore, Rick O and Thomas, Hoben},
	Date-Added = {2025-01-17 23:19:43 -0800},
	Date-Modified = {2025-01-17 23:19:43 -0800},
	Journal = {Infant Behavior and Development},
	Number = {4},
	Pages = {399--412},
	Publisher = {Elsevier},
	Title = {Examining individual differences in infants' habituation patterns using objective quantitative techniques},
	Volume = {25},
	Year = {2002}}

@article{chuey2024conducting,
	Author = {Chuey, Aaron and Boyce, Veronica and Cao, Anjie and Frank, Michael C},
	Date-Added = {2025-01-17 23:18:47 -0800},
	Date-Modified = {2025-01-17 23:18:47 -0800},
	Journal = {Open Mind},
	Pages = {795--808},
	Publisher = {MIT Press 255 Main Street, 9th Floor, Cambridge, Massachusetts 02142, USA~{\ldots}},
	Title = {Conducting developmental research online vs. in-person: A meta-analysis},
	Volume = {8},
	Year = {2024}}

@article{sheskin2020online,
	Author = {Sheskin, Mark and Scott, Kimberly and Mills, Candice M and Bergelson, Elika and Bonawitz, Elizabeth and Spelke, Elizabeth S and Fei-Fei, Li and Keil, Frank C and Gweon, Hyowon and Tenenbaum, Joshua B and others},
	Date-Added = {2025-01-17 23:18:22 -0800},
	Date-Modified = {2025-01-17 23:18:22 -0800},
	Journal = {Trends in Cognitive Sciences},
	Number = {9},
	Pages = {675--678},
	Publisher = {Elsevier},
	Title = {Online developmental science to foster innovation, access, and impact},
	Volume = {24},
	Year = {2020}}

@article{chuey2021moderated,
	Author = {Chuey, Aaron and Asaba, Mika and Bridgers, Sophie and Carrillo, Brandon and Dietz, Griffin and Garcia, Teresa and Leonard, Julia A and Liu, Shari and Merrick, Megan and Radwan, Samaher and others},
	Date-Added = {2025-01-17 23:16:36 -0800},
	Date-Modified = {2025-01-17 23:16:36 -0800},
	Journal = {Frontiers in psychology},
	Pages = {734398},
	Publisher = {Frontiers Media SA},
	Title = {Moderated online data-collection for developmental research: Methods and replications},
	Volume = {12},
	Year = {2021}}

@article{kunin2024perceptual,
	Author = {Kunin, Linette and Piccolo, Sabrina H and Saxe, Rebecca and Liu, Shari},
	Date-Added = {2025-01-17 23:15:48 -0800},
	Date-Modified = {2025-01-17 23:15:48 -0800},
	Journal = {Nature Human Behaviour},
	Pages = {1--15},
	Publisher = {Nature Publishing Group UK London},
	Title = {Perceptual and conceptual novelty independently guide infant looking behaviour: a systematic review and meta-analysis},
	Year = {2024}}

@article{tsuji2014perceptual,
	Author = {Tsuji, Sho and Cristia, Alejandrina},
	Date-Added = {2025-01-17 23:15:10 -0800},
	Date-Modified = {2025-01-17 23:15:10 -0800},
	Journal = {Developmental psychobiology},
	Number = {2},
	Pages = {179--191},
	Publisher = {Wiley Online Library},
	Title = {Perceptual attunement in vowels: A meta-analysis},
	Volume = {56},
	Year = {2014}}

@inproceedings{cao2023synthesis,
	Author = {Cao, Anjie and Lewis, Molly and Frank, Michael C},
	Booktitle = {Proceedings of the Annual Meeting of the Cognitive Science Society},
	Date-Added = {2025-01-17 23:13:22 -0800},
	Date-Modified = {2025-01-17 23:13:22 -0800},
	Number = {45},
	Title = {A synthesis of early cognitive and language development using (meta-) meta-analysis},
	Volume = {45},
	Year = {2023}}

@article{bergmann2018promoting,
	Author = {Bergmann, Christina and Tsuji, Sho and Piccinini, Page E and Lewis, Molly L and Braginsky, Mika and Frank, Michael C and Cristia, Alejandrina},
	Date-Added = {2025-01-17 23:12:17 -0800},
	Date-Modified = {2025-01-17 23:12:17 -0800},
	Journal = {Child development},
	Number = {6},
	Pages = {1996--2009},
	Publisher = {Wiley Online Library},
	Title = {Promoting replicability in developmental research through meta-analyses: Insights from language acquisition research},
	Volume = {89},
	Year = {2018}}

@article{koile2021toward,
	Author = {Koile, Ezequiel and Cristia, Alejandrina},
	Date-Added = {2025-01-17 23:10:31 -0800},
	Date-Modified = {2025-01-17 23:10:31 -0800},
	Journal = {Open Mind},
	Pages = {154--173},
	Publisher = {MIT Press One Rogers Street, Cambridge, MA 02142-1209, USA journals-info~{\ldots}},
	Title = {Toward cumulative cognitive science: a comparison of meta-analysis, mega-analysis, and hybrid approaches},
	Volume = {5},
	Year = {2021}}

@article{thomas2004habituation,
	Author = {Thomas, Hoben and Gilmore, Rick O},
	Date-Added = {2025-01-17 23:10:03 -0800},
	Date-Modified = {2025-01-17 23:10:03 -0800},
	Journal = {Psychological Methods},
	Number = {1},
	Pages = {70},
	Publisher = {American Psychological Association},
	Title = {Habituation assessment in infancy.},
	Volume = {9},
	Year = {2004}}

@article{debolt2020robust,
	Author = {DeBolt, Michaela C and Rhemtulla, Mijke and Oakes, Lisa M},
	Date-Added = {2025-01-17 23:09:38 -0800},
	Date-Modified = {2025-01-17 23:09:38 -0800},
	Journal = {Infancy},
	Number = {4},
	Pages = {393--419},
	Publisher = {Wiley Online Library},
	Title = {Robust data and power in infant research: A case study of the effect of number of infants and number of trials in visual preference procedures},
	Volume = {25},
	Year = {2020}}

@article{dannemiller1984infant,
	Author = {Dannemiller, James L},
	Date-Added = {2025-01-17 23:08:50 -0800},
	Date-Modified = {2025-01-17 23:08:50 -0800},
	Journal = {Infant Behavior \& Development},
	Publisher = {Elsevier Science},
	Title = {Infant habituation criteria: I. A Monte Carlo study of the 50\% decrement criterion.},
	Year = {1984}}

@article{oakes2017sample,
	Author = {Oakes, Lisa M},
	Date-Added = {2025-01-17 23:06:43 -0800},
	Date-Modified = {2025-01-17 23:06:43 -0800},
	Journal = {Infancy},
	Number = {4},
	Pages = {436--469},
	Publisher = {Wiley Online Library},
	Title = {Sample size, statistical power, and false conclusions in infant looking-time research},
	Volume = {22},
	Year = {2017}}

@article{fagan1984relationship,
	Author = {Fagan III, Joseph F},
	Date-Added = {2025-01-17 23:03:45 -0800},
	Date-Modified = {2025-01-17 23:03:45 -0800},
	Journal = {Intelligence},
	Number = {4},
	Pages = {339--346},
	Publisher = {Elsevier},
	Title = {The relationship of novelty preferences during infancy to later intelligence and later recognition memory},
	Volume = {8},
	Year = {1984}}

@article{colombo2004developmental,
	Author = {Colombo, John and Shaddy, D Jill and Richman, W Allen and Maikranz, Julie M and Blaga, Otilia M},
	Date-Added = {2025-01-17 23:02:40 -0800},
	Date-Modified = {2025-01-17 23:02:40 -0800},
	Journal = {Infancy},
	Number = {1},
	Pages = {1--38},
	Publisher = {Wiley Online Library},
	Title = {The developmental course of habituation in infancy and preschool outcome},
	Volume = {5},
	Year = {2004}}

@article{slater1997can,
	Author = {Slater, Alan},
	Date-Added = {2025-01-17 22:59:28 -0800},
	Date-Modified = {2025-01-17 22:59:28 -0800},
	Journal = {Archives of disease in childhood},
	Number = {6},
	Pages = {474--476},
	Publisher = {BMJ Publishing Group Ltd},
	Title = {Can measures of infant habituation predict later intellectual ability?},
	Volume = {77},
	Year = {1997}}

@article{fagan1983infant,
	Author = {Fagan, Joseph F and Singer, Lynn T},
	Date-Added = {2025-01-17 22:59:09 -0800},
	Date-Modified = {2025-01-17 22:59:09 -0800},
	Journal = {Advances in infancy research},
	Publisher = {Elsevier/JAI Press Inc},
	Title = {Infant recognition memory as a measure of intelligence.},
	Year = {1983}}

@article{hunter1988multifactor,
	Author = {Hunter, Michael A and Ames, Elinor W},
	Date-Added = {2025-01-17 22:57:08 -0800},
	Date-Modified = {2025-01-17 22:57:08 -0800},
	Journal = {Advances in infancy research},
	Publisher = {Elsevier/JAI Press Inc},
	Title = {A multifactor model of infant preferences for novel and familiar stimuli.},
	Year = {1988}}

@article{poli2024individual,
	Author = {Poli, Francesco and Ghilardi, Tommaso and Beijers, Roseriet and de Weerth, Carolina and Hinne, Max and Mars, Rogier B and Hunnius, Sabine},
	Date-Added = {2025-01-17 22:56:34 -0800},
	Date-Modified = {2025-01-17 22:56:34 -0800},
	Journal = {Developmental Science},
	Number = {3},
	Pages = {e13460},
	Publisher = {Wiley Online Library},
	Title = {Individual differences in processing speed and curiosity explain infant habituation and dishabituation performance},
	Volume = {27},
	Year = {2024}}

@article{kavvsek2004predicting,
	Author = {Kav{\v{s}}ek, Michael},
	Date-Added = {2025-01-17 22:55:52 -0800},
	Date-Modified = {2025-01-17 22:55:52 -0800},
	Journal = {Journal of Applied Developmental Psychology},
	Number = {3},
	Pages = {369--393},
	Publisher = {Elsevier},
	Title = {Predicting later IQ from infant visual habituation and dishabituation: A meta-analysis},
	Volume = {25},
	Year = {2004}}

@article{oakes1991infants,
	Author = {Oakes, Lisa M and Madole, Kelly L and Cohen, Leslie B},
	Date-Added = {2025-01-17 22:51:35 -0800},
	Date-Modified = {2025-01-17 22:51:35 -0800},
	Journal = {Cognitive Development},
	Number = {4},
	Pages = {377--392},
	Publisher = {Elsevier},
	Title = {Infants' object examining: Habituation and categorization},
	Volume = {6},
	Year = {1991}}

@article{kucharsky2024habituation,
	Author = {Kucharsk{\`y}, {\v{S}}imon and Zaharieva, Martina and Raijmakers, Maartje and Visser, Ingmar},
	Date-Added = {2025-01-17 22:50:55 -0800},
	Date-Modified = {2025-01-17 22:50:55 -0800},
	Journal = {Infant and Child Development},
	Number = {1},
	Pages = {e2383},
	Publisher = {Wiley Online Library},
	Title = {Habituation, part II. Rethinking the habituation paradigm},
	Volume = {33},
	Year = {2024}}

@article{cohen2004uses,
	Author = {Cohen, Leslie B},
	Date-Added = {2025-01-17 22:50:23 -0800},
	Date-Modified = {2025-01-17 22:50:23 -0800},
	Journal = {Infant and Child Development: An International Journal of Research and Practice},
	Number = {4},
	Pages = {349--352},
	Publisher = {Wiley Online Library},
	Title = {Uses and misuses of habituation and related preference paradigms},
	Volume = {13},
	Year = {2004}}

@article{jeffrey1971habituation,
	Author = {Jeffrey, Wendell E and Cohen, Leslie B},
	Date-Added = {2025-01-17 22:49:32 -0800},
	Date-Modified = {2025-01-17 22:49:32 -0800},
	Journal = {Advances in child development and behavior},
	Pages = {63--97},
	Publisher = {Elsevier},
	Title = {Habituation in the human infant},
	Volume = {6},
	Year = {1971}}

@article{colombo2009infant,
	Author = {Colombo, John and Mitchell, D Wayne},
	Date-Added = {2025-01-17 22:49:11 -0800},
	Date-Modified = {2025-01-17 22:49:11 -0800},
	Journal = {Neurobiology of learning and memory},
	Number = {2},
	Pages = {225--234},
	Publisher = {Elsevier},
	Title = {Infant visual habituation},
	Volume = {92},
	Year = {2009}}

@article{sokolov1990orienting,
	Author = {Sokolov, EN},
	Date-Added = {2025-01-17 22:48:21 -0800},
	Date-Modified = {2025-01-17 22:48:21 -0800},
	Journal = {The Pavlovian journal of biological science},
	Pages = {142--150},
	Publisher = {Springer},
	Title = {The orienting response, and future directions of its development},
	Volume = {25},
	Year = {1990}}

@article{dussutour2021learning,
	Author = {Dussutour, Audrey},
	Date-Added = {2025-01-17 22:47:34 -0800},
	Date-Modified = {2025-01-17 22:47:34 -0800},
	Journal = {Biochemical and Biophysical Research Communications},
	Pages = {92--102},
	Publisher = {Elsevier},
	Title = {Learning in single cell organisms},
	Volume = {564},
	Year = {2021}}

@article{boisseau2016habituation,
	Author = {Boisseau, Romain P and Vogel, David and Dussutour, Audrey},
	Date-Added = {2025-01-17 22:46:19 -0800},
	Date-Modified = {2025-01-17 22:46:19 -0800},
	Journal = {Proceedings of the Royal Society B: Biological Sciences},
	Number = {1829},
	Pages = {20160446},
	Publisher = {The Royal Society},
	Title = {Habituation in non-neural organisms: evidence from slime moulds},
	Volume = {283},
	Year = {2016}}

@article{ginsburg2009epigenetic,
	Author = {Ginsburg, Simona and Jablonka, Eva},
	Date-Added = {2025-01-17 22:45:48 -0800},
	Date-Modified = {2025-01-17 22:45:48 -0800},
	Journal = {Journal of biosciences},
	Pages = {633--646},
	Publisher = {Springer},
	Title = {Epigenetic learning in non-neural organisms},
	Volume = {34},
	Year = {2009}}

@article{thompson2009habituation,
	Author = {Thompson, Richard F},
	Date-Added = {2025-01-17 22:44:36 -0800},
	Date-Modified = {2025-01-17 22:44:36 -0800},
	Journal = {Neurobiology of learning and memory},
	Number = {2},
	Pages = {127--134},
	Publisher = {Elsevier},
	Title = {Habituation: a history},
	Volume = {92},
	Year = {2009}}

@article{rankin2009habituation,
	Author = {Rankin, Catharine H and Abrams, Thomas and Barry, Robert J and Bhatnagar, Seema and Clayton, David F and Colombo, John and Coppola, Gianluca and Geyer, Mark A and Glanzman, David L and Marsland, Stephen and others},
	Date-Added = {2025-01-17 22:43:47 -0800},
	Date-Modified = {2025-01-17 22:43:47 -0800},
	Journal = {Neurobiology of learning and memory},
	Number = {2},
	Pages = {135--138},
	Publisher = {Elsevier},
	Title = {Habituation revisited: an updated and revised description of the behavioral characteristics of habituation},
	Volume = {92},
	Year = {2009}}
