%% This BibTeX bibliography file was created using BibDesk.
%% http://bibdesk.sourceforge.net/

%% Created for 曹安洁 at 2024-08-19 13:33:12 -0700 


%% Saved with string encoding Unicode (UTF-8) 



@article{zettersten2024evidence,
	Author = {Zettersten, Martin and Cox, Christopher and Bergmann, Christina and Tsui, Angeline Sin Mei and Soderstrom, Melanie and Mayor, Julien and Lundwall, Rebecca A and Lewis, Molly and Kosie, Jessica E and Kartushina, Natalia and others},
	Date-Added = {2024-08-19 13:33:09 -0700},
	Date-Modified = {2024-08-19 13:33:09 -0700},
	Journal = {Open Mind},
	Pages = {439--461},
	Publisher = {MIT Press One Broadway, 12th Floor, Cambridge, Massachusetts 02142, USA~{\ldots}},
	Title = {Evidence for infant-directed speech preference is consistent across large-scale, multi-site replication and meta-analysis},
	Volume = {8},
	Year = {2024}}

@article{enge2023meta,
	Author = {Enge, Alexander and Kapoor, Shreya and Kieslinger, Anne-Sophie and Skeide, Michael A},
	Date-Added = {2024-08-19 13:32:40 -0700},
	Date-Modified = {2024-08-19 13:32:40 -0700},
	Journal = {Developmental Science},
	Number = {6},
	Pages = {e13381},
	Publisher = {Wiley Online Library},
	Title = {A meta-analysis of mental rotation in the first years of life},
	Volume = {26},
	Year = {2023}}

@article{wetherford1973developmental,
	Author = {Wetherford, Margaret J and Cohen, Leslie B},
	Date-Added = {2024-08-15 18:15:42 -0700},
	Date-Modified = {2024-08-15 18:15:42 -0700},
	Journal = {Child Development},
	Pages = {416--424},
	Publisher = {JSTOR},
	Title = {Developmental changes in infant visual preferences for novelty and familiarity},
	Year = {1973}}

@article{colombo2009infant,
	Author = {Colombo, John and Mitchell, D Wayne},
	Date-Added = {2024-08-15 18:13:31 -0700},
	Date-Modified = {2024-08-15 18:13:31 -0700},
	Journal = {Neurobiology of learning and memory},
	Number = {2},
	Pages = {225--234},
	Publisher = {Elsevier},
	Title = {Infant visual habituation},
	Volume = {92},
	Year = {2009}}

@article{rose1982familiarity,
	Author = {Rose, Susan A and Gottfried, Allen W and Melloy-Carminar, Patricia and Bridger, Wagner H},
	Date-Added = {2024-08-15 18:12:14 -0700},
	Date-Modified = {2024-08-15 18:12:14 -0700},
	Journal = {Developmental Psychology},
	Number = {5},
	Pages = {704},
	Publisher = {American Psychological Association},
	Title = {Familiarity and novelty preferences in infant recognition memory: Implications for information processing.},
	Volume = {18},
	Year = {1982}}

@article{kelly2007other,
	Author = {Kelly, David J and Quinn, Paul C and Slater, Alan M and Lee, Kang and Ge, Liezhong and Pascalis, Olivier},
	Date-Added = {2024-08-15 18:11:30 -0700},
	Date-Modified = {2024-08-15 18:11:30 -0700},
	Journal = {Psychological science},
	Number = {12},
	Pages = {1084--1089},
	Publisher = {SAGE Publications Sage CA: Los Angeles, CA},
	Title = {The other-race effect develops during infancy: Evidence of perceptual narrowing},
	Volume = {18},
	Year = {2007}}

@article{barrile1999novelty,
	Author = {Barrile, Michelle and Armstrong, Erika S and Bower, TGR},
	Date-Added = {2024-08-15 18:09:39 -0700},
	Date-Modified = {2024-08-15 18:09:39 -0700},
	Journal = {Developmental Science},
	Number = {1},
	Pages = {47--52},
	Publisher = {Wiley Online Library},
	Title = {Novelty and frequency as determinants of newborn preference},
	Volume = {2},
	Year = {1999}}

@article{colombo2001development,
	Author = {Colombo, John},
	Date-Added = {2024-08-15 18:09:01 -0700},
	Date-Modified = {2024-08-15 18:09:01 -0700},
	Journal = {Annual review of psychology},
	Number = {1},
	Pages = {337--367},
	Publisher = {Annual Reviews 4139 El Camino Way, PO Box 10139, Palo Alto, CA 94303-0139, USA},
	Title = {The development of visual attention in infancy},
	Volume = {52},
	Year = {2001}}

@article{zhou2019measuring,
	Author = {Zhou, Elizabeth Y and Damiano, Claudia and Wilder, John and Walther, Dirk B},
	Date-Added = {2024-06-14 15:26:31 -0700},
	Date-Modified = {2024-06-14 15:26:31 -0700},
	Journal = {Journal of Vision},
	Number = {10},
	Pages = {96a--96a},
	Publisher = {The Association for Research in Vision and Ophthalmology},
	Title = {Measuring complexity of images using Multiscale Entropy},
	Volume = {19},
	Year = {2019}}

@article{lewis2016length,
	Author = {Lewis, Molly L and Frank, Michael C},
	Date-Added = {2024-06-14 15:25:59 -0700},
	Date-Modified = {2024-06-14 15:25:59 -0700},
	Journal = {Cognition},
	Pages = {182--195},
	Publisher = {Elsevier},
	Title = {The length of words reflects their conceptual complexity},
	Volume = {153},
	Year = {2016}}

@article{kunininfant,
	Author = {Kunin, Linette and Piccolo, Sabrina and Saxe, Rebecca and Liu, Shari},
	Date-Added = {2024-06-14 15:23:31 -0700},
	Date-Modified = {2024-06-14 15:23:31 -0700},
	Publisher = {OSF},
	Title = {Infant looking is guided independently by stimulus-and expectation-driven novelty: Meta-analytic evidence}}

@article{bergmann2016development,
	Author = {Bergmann, Christina and Cristia, Alejandrina},
	Date-Added = {2024-06-14 15:21:51 -0700},
	Date-Modified = {2024-06-14 15:21:51 -0700},
	Journal = {Developmental science},
	Number = {6},
	Pages = {901--917},
	Publisher = {Wiley Online Library},
	Title = {Development of infants' segmentation of words from native speech: A meta-analytic approach},
	Volume = {19},
	Year = {2016}}

@inproceedings{raz2023no,
	Author = {Raz, Gal and Cao, Anjie and Bui, Minh Khong and Frank, Michael C and Saxe, Rebecca},
	Booktitle = {Proceedings of the Annual Meeting of the Cognitive Science Society},
	Date-Added = {2024-06-14 15:20:18 -0700},
	Date-Modified = {2024-06-14 15:20:18 -0700},
	Number = {45},
	Title = {No evidence for familiarity preferences after limited exposure to visual concepts in preschoolers and infants},
	Volume = {45},
	Year = {2023}}

@article{johnson2009abstract,
	Author = {Johnson, Scott P and Fernandes, Keith J and Frank, Michael C and Kirkham, Natasha and Marcus, Gary and Rabagliati, Hugh and Slemmer, Jonathan A},
	Date-Added = {2024-06-14 15:19:44 -0700},
	Date-Modified = {2024-06-14 15:19:44 -0700},
	Journal = {Infancy},
	Number = {1},
	Pages = {2--18},
	Publisher = {Wiley Online Library},
	Title = {Abstract rule learning for visual sequences in 8-and 11-month-olds},
	Volume = {14},
	Year = {2009}}

@article{baillargeon2010false,
	Author = {Baillargeon, Ren{\'e}e and Scott, Rose M and He, Zijing},
	Date-Added = {2024-06-14 15:18:19 -0700},
	Date-Modified = {2024-06-14 15:18:19 -0700},
	Journal = {Trends in cognitive sciences},
	Number = {3},
	Pages = {110--118},
	Publisher = {Elsevier},
	Title = {False-belief understanding in infants},
	Volume = {14},
	Year = {2010}}

@article{cohen1975effect,
	Author = {Cohen, Leslie B and DeLoache, Judy S and Rissman, Margaret W},
	Date-Added = {2024-06-14 15:17:46 -0700},
	Date-Modified = {2024-06-14 15:17:46 -0700},
	Journal = {Child Development},
	Pages = {611--617},
	Publisher = {JSTOR},
	Title = {The effect of stimulus complexity on infant visual attention and habituation},
	Year = {1975}}

@article{cao2023habituation,
	Author = {Cao, Anjie and Raz, Gal and Saxe, Rebecca and Frank, Michael C},
	Date-Added = {2024-06-14 15:16:32 -0700},
	Date-Modified = {2024-06-14 15:16:32 -0700},
	Journal = {Topics in Cognitive Science},
	Number = {2},
	Pages = {290--302},
	Publisher = {Wiley Online Library},
	Title = {Habituation reflects optimal exploration over noisy perceptual samples},
	Volume = {15},
	Year = {2023}}

@article{poli2020infants,
	Author = {Poli, F and Serino, G and Mars, RB and Hunnius, S},
	Date-Added = {2024-06-14 15:16:12 -0700},
	Date-Modified = {2024-06-14 15:16:12 -0700},
	Journal = {Science advances},
	Number = {39},
	Pages = {eabb5053},
	Publisher = {American Association for the Advancement of Science},
	Title = {Infants tailor their attention to maximize learning},
	Volume = {6},
	Year = {2020}}

@article{kidd2012goldilocks,
	Author = {Kidd, Celeste and Piantadosi, Steven T and Aslin, Richard N},
	Date-Added = {2024-06-14 15:15:48 -0700},
	Date-Modified = {2024-06-14 15:15:48 -0700},
	Journal = {PloS one},
	Number = {5},
	Pages = {e36399},
	Publisher = {Public Library of Science San Francisco, USA},
	Title = {The Goldilocks effect: Human infants allocate attention to visual sequences that are neither too simple nor too complex},
	Volume = {7},
	Year = {2012}}

@article{hunter1988multifactor,
	Author = {Hunter, Michael A and Ames, Elinor W},
	Date-Added = {2024-06-14 15:15:15 -0700},
	Date-Modified = {2024-06-14 15:15:15 -0700},
	Journal = {Advances in infancy research},
	Publisher = {Elsevier/JAI Press Inc},
	Title = {A multifactor model of infant preferences for novel and familiar stimuli.},
	Year = {1988}}

@article{baillargeon1985object,
	Author = {Baillargeon, Renee and Spelke, Elizabeth S and Wasserman, Stanley},
	Date-Added = {2024-06-14 15:14:37 -0700},
	Date-Modified = {2024-06-14 15:14:37 -0700},
	Journal = {Cognition},
	Number = {3},
	Pages = {191--208},
	Publisher = {Elsevier},
	Title = {Object permanence in five-month-old infants},
	Volume = {20},
	Year = {1985}}

@article{spelke1985preferential,
	Author = {Spelke, Elizabeth S},
	Date-Added = {2024-06-14 15:14:15 -0700},
	Date-Modified = {2024-06-14 15:14:15 -0700},
	Publisher = {Ablex Publishing},
	Title = {Preferential-looking methods as tools for the study of cognition in infancy.},
	Year = {1985}}

@article{cohen1976habituation,
	Author = {Cohen, Leslie B},
	Date-Added = {2024-06-14 15:13:50 -0700},
	Date-Modified = {2024-06-14 15:13:50 -0700},
	Journal = {Habituation: Perspectives from child development, animal behavior, and neurophysiology},
	Pages = {207--238},
	Title = {Habituation of infant visual attention},
	Year = {1976}}

@article{fantz1964visual,
	Author = {Fantz, Robert L},
	Date-Added = {2024-06-14 15:12:39 -0700},
	Date-Modified = {2024-06-14 15:12:39 -0700},
	Journal = {Science},
	Number = {3644},
	Pages = {668--670},
	Publisher = {American Association for the Advancement of Science},
	Title = {Visual experience in infants: Decreased attention to familiar patterns relative to novel ones},
	Volume = {146},
	Year = {1964}}

@article{fantz1958pattern,
	Author = {Fantz, Robert L},
	Date-Added = {2024-06-14 15:11:49 -0700},
	Date-Modified = {2024-06-14 15:11:49 -0700},
	Journal = {The psychological record},
	Pages = {43},
	Publisher = {Denison University, etc.},
	Title = {Pattern vision in young infants},
	Volume = {8},
	Year = {1958}}
